<record><leader>00000cas a22000007a 4500</leader><controlfield tag="001">27911927</controlfield><controlfield tag="008">930413d187u188ucaudn ne      0    0eng d</controlfield><datafield ind1=" " ind2=" " tag="010"><subfield code="a">sn 93051988 </subfield></datafield><datafield ind1=" " ind2=" " tag="040"><subfield code="a">CUY</subfield><subfield code="b">eng</subfield><subfield code="c">CNK</subfield><subfield code="d">OCLCQ</subfield></datafield><datafield ind1=" " ind2=" " tag="042"><subfield code="a">msc</subfield></datafield><datafield ind1="0" ind2=" " tag="130"><subfield code="a">Daily times (San Bernardino, Calif. : 1879)</subfield></datafield><datafield ind1="1" ind2="4" tag="245"><subfield code="a">The daily times.</subfield></datafield><datafield ind1=" " ind2=" " tag="260"><subfield code="a">San Bernardino, Calif. :</subfield><subfield code="b">J. Isaac</subfield></datafield><datafield ind1=" " ind2=" " tag="300"><subfield code="a">v.</subfield></datafield><datafield ind1=" " ind2=" " tag="310"><subfield code="a">Daily (except Sun.)</subfield></datafield><datafield ind1=" " ind2=" " tag="588"><subfield code="a">Description based on: Vol. 4, no. 51 (Feb. 3, 1879).</subfield></datafield><datafield ind1=" " ind2="4" tag="651"><subfield code="a">San Bernardino County (Calif.)</subfield><subfield code="v">Newspapers.</subfield></datafield><datafield ind1=" " ind2=" " tag="752"><subfield code="a">United States</subfield><subfield code="b">California</subfield><subfield code="c">San Bernardino</subfield><subfield code="d">San Bernardino.</subfield></datafield><datafield ind1="0" ind2=" " tag="775"><subfield code="t">San Bernardino weekly times</subfield><subfield code="w">(DLC)sn 85025095</subfield></datafield><datafield ind1="0" ind2="0" tag="780"><subfield code="t">San Bernardino times</subfield><subfield code="w">(DLC)sn 85025094</subfield></datafield><datafield ind1="0" ind2="0" tag="785"><subfield code="t">San Bernardino daily times</subfield><subfield code="w">(DLC)sn 93051989</subfield></datafield><datafield ind1="1" ind2=" " tag="029"><subfield code="a">AU@</subfield><subfield code="b">000020736033</subfield></datafield></record>